
@inproceedings{zaozerskaya2018modeling,
  title={Modeling and solving academic load distribution problem},
  author={Zaozerskaya, Lidia A and Plankova, Valentina A and Devyaterikova, Marina V},
  booktitle={CEUR Workshop Proceedings, Proceedings of the School-Seminar on Optimization Problems and their Applications},
  pages={438--445},
  year={2018},
  organization={Sun SITE Central Europe Aachen, Germany}
}

@article{delaRosaRivera2020,
  title = {Measuring the complexity of university timetabling instances},
  volume = {24},
  ISSN = {1099-1425},
  url = {http://dx.doi.org/10.1007/s10951-020-00641-y},
  DOI = {10.1007/s10951-020-00641-y},
  number = {1},
  journal = {Journal of Scheduling},
  publisher = {Springer Science and Business Media LLC},
  author = {de la Rosa-Rivera,  Felipe and Nunez-Varela,  Jose I. and Puente-Montejano,  Cesar A. and Nava-Muñoz,  Sandra E.},
  year = {2020},
  month = feb,
  pages = {103–121}
}

@article{Lian2018,
  title = {A multi-skilled worker assignment problem in seru production systems considering the worker heterogeneity},
  volume = {118},
  ISSN = {0360-8352},
  url = {http://dx.doi.org/10.1016/j.cie.2018.02.035},
  DOI = {10.1016/j.cie.2018.02.035},
  journal = {Computers &amp; Industrial Engineering},
  publisher = {Elsevier BV},
  author = {Lian,  Jie and Liu,  ChenGuang and Li,  WenJuan and Yin,  Yong},
  year = {2018},
  month = apr,
  pages = {366–382}
}

@inproceedings{zakharova2022integer,
  title={Integer Model and Complexity of Worker Assignment and Job Scheduling in Production and Service Systems},
  author={Zakharova, Yulia and Ushakova, Evgenia},
  booktitle={2022 Dynamics of Systems, Mechanisms and Machines (Dynamics)},
  pages={1--5},
  year={2022},
  organization={IEEE}
}